1725 2775
36 2470 43 2527 t

443 137 962 193 GALLlco.
1029 137 1227 188 mal.
1361 142 1447 198 ἰγ

241 240 347 298 cit.
391 236 665 313 Helvetii,
712 238 1011 317 repentino
1041 236 1162 313 ejus
1191 234 1446 298 ,adventu

244 327 544 399 commoti,
559 344 733 403 quum
743 322 825 397 id,
837 321 990 403 quod
1011 320 1110 403 ipsi
1125 322 1318 381 diebus
1346 342 1443 384 xx

241 413 544 487 aegerrime
570 409 950 483 confecerant,
969 410 1248 470 ut-flumen
1269 406 1450 470 tranf-

130 506 147 515 ’
236 497 419 568 irent,
448 495 606 553 illum
618 510 738 554 uno*
753 496 841 554 die
855 492 1033 553 feeiss'e
1048 494 1445 571 intelligerent&

244 581 468 656 legatos
483 579 553 638 ad
575 599 699 639 eum
728 581 959 640 mittunt
979 601 996 636 x
1038 582 1194 658 cujus
1217 581 1450 657 legatio-

252 667 349 724 nis
372 666 575 725 Divico
588 667 847 745 princeps
865 663 989 738 fuit,
1008 669 1105 744 qui
1119 665 1269 725 bello
1286 665 1450 724 Cassi-

252 770 367 810 ano
388 749 502 811 dux
516 751 906 814 Helvetiorum
922 751 1120 812 fuerat.
1166 753 1215 809 is
1233 753 1310 809 ita
1325 769 1453 809 cum

251 835 480 898 Caesare
501 840 649 914 agitt
677 838 696 869 ‘
719 837 760 897 fi
776 858 964 917 pacem
981 836 1222 917 populus
1255 841 1457 895 Roma·

248 923 271 957 ⁴
296 944 404 982 nus
418 944 544 985 cum
565 924 841 983 Helvetiis
857 924 1085 996 faceret,
1108 924 1168 981 in
1194 942 1311 981 eam
1329 942 1455 1001 par-

248 1018 266 1045 ‘
297 1023 409 1068 tem
427 1011 634 1082 ituros»,
666 1025 836 1086 atque
867 1010 942 1067 ibi
960 1008 1181 1068 futuros
1206 1007 1458 1068 Helveti-

251 1091 275 1125 ‘
301 1113 394 1164 os,
416 1095 513 1150 ubi
548 1092 747 1148 Caesar
770 1091 1147 1164 constituisset,
1178 1109 1343 1169 atque
1357 1091 1461 1151 effe

257 1174 280 1207 ⁴
307 1173 595 1234 voluiffetz
616 1172 694 1230 fin
718 1173 868 1229 bello
885 1173 1130 1249 persequi
1158 1175 1461 1248 persevera-

256 1258 282 1293 ‘
306 1276 416 1332 ret,
460 1255 900 1316 reminisceretur
918 1272 972 1315 et
1006 1260 1206 1317 veteris
1245 1261 1461 1320 incom-

259 1342 282 1377 ‘
306 1344 462 1406 modi
479 1343 671 1425 populi
690 1345 1010 1418 Romani,et
1016 1343 1271 1424 pristinae
1287 1349 1462 1407 virtu-

240 1429 281 1489 -‘
305 1435 376 1492 tis
409 1432 818 1493 Helvetiorum.
867 1432 1022 1510 quod
1056 1432 1360 1512 improviso
1393 1455 1456 1493 n·

257 1516 281 1548 ‘
306 1540 439 1578 num
456 1538 656 1597 pagum
682 1517 912 1577 adortus
927 1517 1073 1591 effer,
1090 1538 1262 1597 quum
1286 1521 1348 1594 ii,
1359 1523 1458 1600 qui

255 1603 280 1637 ⁴
301 1607 507 1665 flumen
543 1601 874 1677 tranfissent,
907 1601 1014 1662 suis
1030 1605 1296 1664 auxilium
1312 1607 1458 1676 ferne

255 1689 277 1722 ‘
298 1712 413 1750 non
442 1688 657 1769 poffent
671 1713 691 1763 ;
717 1709 812 1762 ne,
829 1690 905 1748 ob
928 1710 1044 1750 eam
1063 1711 1201 1766 rem,
1215 1708 1310 1750 aut
1334 1690 1457 1750 suae

242 1773 280 1835 .‘
303 1796 639 1853 magnopere
655 1776 848 1835 virtuti
872 1778 1153 1850 tribueret,
1178 1793 1276 1835 aut
1307 1775 1457 1855 ipsos

261 1859 283 1891 ‘
304 1861 617 1942 despiceret.
653 1860 704 1920 se
721 1863 800 1919 ita
821 1882 851 1919 a
869 1864 1114 1941 patribus
1130 1860 1459 1939 majoribus-

262 1943 283 1977 ‘
305 1968 410 2027 que
442 1946 551 2008 suis
584 1945 863 2021 didicisse,
914 1964 976 2007 ut
1010 1951 1184 2026 magis
1226 1951 1459 2023 virtute,
1533 1942 1568 1957 ⁹

260 2028 281 2062 ‘
305 2039 466 2111 qu*am
490 2034 651 2108 dolo,
669 2033 1096 2108 contenderent,
1118 2049 1214 2092 aut
1243 2032 1458 2093 insidiis

262 2114 283 2148 ‘
303 2122 631 2183 niterentur.
681 2138 873 2196 quare,
890 2140 960 2177 ne
981 2123 1377 2191 committeret,
1396 2132 1458 2176 ut

261 2200 346 2262 ‘is
374 2205 555 2279 locus,
584 2206 680 2263 ubi
711 2201 1090 2277 constitissent,
1140 2223 1211 2261 ex
1241 2202 1460 2265 calami:-
1501 2242 1508 2249 ·

261 2286 282 2319 ‘
303 2304 414 2348 tate
438 2310 573 2369 pop.
594 2296 760 2348 Rom.
778 2303 835 2346 et
849 2290 1233 2349 internecione
1246 2288 1461 2344 exerci-

266 2373 285 2403 ‘
310 2378 399 2434 tiis
424 2372 628 2435 nomen
648 2389 892 2453 caperet,
910 2394 973 2432 ac
995 2372 1318 2432 memoriam
1334 2384 1461 2442 pro—

189 2423 296 2541 ¹‹}‘
320 2459 487 2521 deret.
519 2464 536 2490 ’
647 2463 756 2524 His
804 2456 1003 2519 Caesar
1038 2459 1117 2517 ita
1145 2447 1457 2528 respondite

184 2541 213 2550 ι.
