1725 2775
446 77 949 134 GALL-ICO
1035 79 1305 140 ωιιΛΠῙι
1366 87 1458 135 323

251 202 384 245 nem
430 198 599 264 atque
654 201 855 246 omnes
906 179 1059 244 casus
1104 195 1448 260 comparant.

163 291 221 338 73
253 266 470 347 caesar,
483 273 639 332 omni
652 274 899 332 exercitu
920 268 989 329 ad
1011 284 1305 347 utramque
1320 285 1446 343 par-

251 371 366 418 tem
384 359 764 420 munitionum
805 352 1107 438 dispofit03
1142 369 1225 430 ut,
1253 352 1291 412 fi
1316 350 1444 416 usus
1514 397 1527 402 -

247 444 458 517 veniat,
488 440 644 503 suum
680 441 913 522 quisque
940 441 1126 503 locum
1163 453 1347 500 teneat
1386 452 1445 506 et

246 531 474 591 noverit
491 550 509 587 ε
555 530 860 608 equitatum
882 526 1156 587 excastris
1184 526 1364 600 educi,
1387 538 1446 583 et

249 613 524 694 proelium
550 615 825 674 committi
850 614 1034 690 jubet.
1077 626 1197 670 erat
1225 632 1299 671 ex
1321 631 1447 670 om·

251 700 422 759 nibus
438 696 647 773 castris,
659 717 801 777 quae
816 691 1086 758 summum
1102 695 1450 775 undiqueju-

249 804 384 863 gum
403 785 688 857 tenebant,
699 780 1001 864 despeetus:
1018 797 1184 862 atque
1196 782 1452 840 omnium

246 869 489 933 militnm
501 871 711 932 intenti
730 871 926 947 anisni,
947 889 1167 951 pugnae
1187 884 1454 930 eventum

246 956 658 1038 exspectabant.
705 957 876 1031 Galli,
905 959 1054 1018 inter
1091 958 1330 1036 equita,
1361 973 1453 1014 ra-

241 1063 346 1106 ros
378 1041 718 1117 sagittarios,
754 1040 1152 1122 expeditosque
1178 1042 1321 1110 levis
1359 1059 1453 1098 ar·

249 1140 521 1199 maturae,
558 1125 984 1200 interjecerant3
1009 1127 1108 1202 qui
1126 1122 1237 1181 suis
1253 1123 1455 1186 cedem

243 1214 404 1278 ,tibus
424 1209 636 1272 auxilio
654 1206 1053 1283 succurrerent,
1066 1222 1124 1266 et
1139 1206 1454 1268 nostrorum

250 1298 505 1377 equitum
551 1295 820 1373 impetum
848 1292 1190 1358 sustinerent.
1252 1295 1324 1353 ab
1365 1293 1455 1354 his

251 1380 572 1462 complures
586 1380 657 1441 de
670 1375 972 1462 improviso
981 1378 1278 1456 vulnerati,
1289 1399 1457 1461 proe-

248 1471 334 1531 lio
347 1467 705 1531 excedebant.
753 1488 925 1549 quum
940 1464 1067 1527 suos
1083 1487 1274 1548 pugna
1297 1465 1456 1547 supe·

251 1559 428 1619 riores
454 1552 562 1616 effe
584 1553 731 1614 Galli
754 1553 1123 1630 confiderent,
1154 1570 1212 1614 et
1233 1552 1454 1615 nostros

249 1641 610 1705 multitudine
630 1644 807 1723 premi
828 1639 1084 1703 viderent
1101 1663 1129 1714 ·,
1165 1661 1241 1701 ex
1266 1640 1455 1702 omni-

251 1732 357 1791 bus
380 1730 651 1807 partibu8‚
659 1744 716 1791 et
730 1730 769 1788 ii
780 1731 880 1807 qui
896 1728 1300 1788 munitionibus
1316 1747 1454 1788 con·

256 1813 602 1885 tinebantur,
616 1814 727 1870 etii
741 1814 839 1891 qui
861 1812 933 1872 ad
953 1814 1219 1873 auxilium
1242 1831 1456 1873 conve·

256 1910 484 1970 nerant,
518 1895 757 1955 clamore
776 1912 833 1956 et
853 1896 1065 1959 ululatu
1092 1897 1313 1960 suorum
1331 1897 1461 1957 ani-

255 2000 387 2049 mos
421 1977 850 2045 confirmabant.
894 1983 1051 2062 quod
1074 1987 1135 2045 in
1159 1983 1461 2064 conspeetu

257 2068 512 2129 omnium
535 2086 623 2127 res
644 2070 958 2146 gerebatur,
991 2091 1172 2151 neque
1196 2077 1337 2132 reete
1360 2084 1459 2128 aut

256 2153 494 2236 turpiter
510 2152 710 2215 factum
735 2154 899 2220 celari
916 2173 1133 2235 poterat
1150 2179 1171 2231 ς
1196 2154 1461 2233 utrosque

256 2256 320 2301 et
329 2240 510 2301 laudis
525 2240 818 2321 cupiditas,
832 2257 891 2301 et
912 2245 1082 2304 timor
1092 2241 1471 2318 ignominiae,

148 2363 180 2390 ω
260 2326 334 2386 ad
355 2328 624 2387 virtutem
643 2329 945 2389 excitabat.
976 2348 1149 2407 quum
1178 2348 1210 2385 a
1238 2321 1463 2384 meridie

261 2430 443 2494 prope
470 2410 549 2478 ad
569 2414 712 2481 Solis
750 2413 1004 2482 occasum
1036 2408 1479 2475 dubiivifitoriiz
