1725 2775
320 139 359 185 4
690 123 1241 176 DEBELLo

282 288 291 297 .
327 229 573 306 cicadas,
611 230 911 304 orgetorix
941 227 1216 304 deligitur.
1262 233 1311 289 is
1335 228 1430 290 fibi
1445 231 1526 292 le'-

327 320 609 395 gationem
634 313 700 371 ad
720 314 972 373 civitates
1006 311 1256 393 suscepit.
1302 317 1363 373 in
1382 336 1453 374 eo
1474 321 1525 376 i·

324 395 506 461 'tinere
521 396 805 478 persuadet
821 397 1034 457 Castico
1060 385 1525 461 Catamantale'dis

327 486 467 559 filio,
506 491 796 561 Sequan03
848 484 1006 561 cujus
1023 500 1177 564 pater
1211 507 1444 563 regnum
1460 490 1524 548 in

324 571 594 648 Sequanis
618 568 824 627 multos
852 591 1036 630 annos
1060 573 1398 646 obtinuerat,
1414 587 1471 632 et
1492 595 1526 632 a

324 663 383 715 S.
411 662 471 718 P.
497 662 575 730 Q.
604 656 675 713 R.
698 656 907 714 amicus
938 656 1238 736 appellatus
1270 669 1419 733 erait3
1460 675 1525 718 ut

324 762 557 820 regnum
580 742 640 799 in
658 741 886 800 civitate
909 740 1001 802 sua
1024 760 1342 821 occuparet,
1370 744 1527 822 quod

323 843 483 912 pater
506 841 636 885 ante
662 827 974 892 habueratg·
1003 829 1243 906 itemque
1266 836 1526 888 Dumno-

325 914 434 991 rigi
458 911 678 985 Aeduo,
708 910 863 970 fratri
881 913 1170 987 Divitiaci‚
1188 915 1286 992 qui
1301 933 1368 973 eo
1385 928 1525 974 tem·

229 1073 237 1082 ,
325 1019 465 1079 pore
481 999 847 1077 principatum
870 1000 930 1057 in
948 1000 1171 1058 civitate
1199 997 1292 1058 sua
1306 1000 1526 1059 obtine·

327 1087 423 1146 bat
454 1106 517 1144 ac
539 1086 778 1166 manime}
807 1083 955 1164 plebi
994 1101 1253 1168 apceptus
1281 1100 1423 1158 erat,
1460 1100 1526 1145 ut

308 1173 470 1232 'idem
494 1165 812 1242 conaretur,
835 1165 1144 1250 perfiiadetz
1172 1172 1337 1251 eique
1355 1170 1527 1230 filiam

326 1256 479 1316 suam
507 1260 567 1314 in
605 1255 1019 1315 matrimonium
1060 1257 1174 1317 dat.
1220 1259 1240 1289 ‘
1268 1255 1551 1338 perfacile,
1647 1328 1653 1333 .

327 1344 349 1374 ‘
376 1343 518 1401 factu
543 1337 674 1399 effe’
705 1337 813 1397 illis
838 1332 1343 1418 probauiffonata
1361 1334 1590 1422 pergi-2-

329 1429 352 1462 ⁴
377 1449 530 1500 cere3
566 1440 856 1507 propterea
876 1424 1026 1503 quod
1044 1423 1299 1504 ipse'suae
1330 1430 1527 1487 civita-

329 1514 351 1548 ‘
377 1514 450 1572 ῐῑὲ
464 1513 755 1592 imperium
775 1512 1107 1569 obtenturus
1130 1509 1405 1571 effet.non
1428 1512 1510 1572 es-

330 1599 355 1632 ‘
379 1596 435 1663 se.
455 1597 703 1669 dubium,
732 1598 871 1673 quin
903 1598 1077 1653 totius
1121 1595 1330 1655 Galliae
1352 1599 1527 1675 pluri·

324 1684 354 1725 ·‘
379 1704 530 1744 mum
548 1681 792 1743 Helvetii
815 1678 1053 1761 poss'ent.
1102 1676 1158 1738 se
1181 1677 1289 1739 suis
1323 1683 1524 1762 copiis,

232 1760 238 1765 ⁶
331 1771 353 1804 ‘
378 1770 585 1849 suoque
596 1768 852 1843 „exercitu
859 1808 879 1841 ‚
896 1765 1005 1825 illis
1023 1785 1191 1845 tegna
1205 1768 1530 1828 conciliatu-

332 1857 355 1890 ‘
380 1876 526 1930 rum,
545 1858 559 1883 ’
590 1852 905 1912 confirmat.
925 1855 1025 1911 hac
1041 1855 1298 1912 oratione
1320 1853 1528 1915 adduc·

329 1944 402 2016 ti,
417 1944 563 2001 inter
585 1934 638 1998 se
669 1938 832 1998 fidem
854 1953 912 1997 et
929 1937 1322 2017 jusjurandum
1352 1940 1524 2014 dant;

329 2044 411 2103 et,
442 2046 617 2105 regno
641 2040 936 2105 occupate,
965 2046 1063 2106 per
1083 2041 1194 2085 tres
1224 2027 1531 2106 potentiffi-

330 2133 456 2175 mos
479 2135 540 2172 ac
554 2110 878 2170 firmissimos
896 2112 1155 2192 populos,
1194 2114 1368 2172 totius
1393 2110 1532 2171 G'al·
1603 2147 1613 2155 ·

243 2176 441 2296 adine
457 2197 562 2258 sese
579 2199 745 2277 potiri
771 2196 919 2276 poss'e
935 2196 1174 2277 spei-ant.
1194 2218 1258 2255 ea
1273 2218 1360 2256 res
1377 2212 1441 2255 ut
1454 2195 1534 2258 est

332 2284 608 2346 Helvetiis
631 2302 730 2362 per
755 2283 1021 2343 indicium
1052 2284 1370 2354 enunciata,
1408 2301 1534 2340 mo·

329 2371 483 2431 ribus
508 2369 616 2428 suis
640 2370 1021 2447 Orgetorigem
1038 2389 1108 2426 ex
1124 2367 1371 2427 vinculis·
1380 2367 1532 2426 caus-

242 2484 253 2495 ·
329 2455 651 2520 sandicem
673 2459 1004 2539 coegerunt.
1050 2454 1370 2519 damnatum
1394 2473 1534 2535 poe-
