1725 2775
458 101 509 150 G
547 100 592 151 Α
625 98 672 150 L
708 99 751 148 L
790 102 817 149 Ι
854 99 959 148 CO
1024 111 1120 149 m.
1146 104 1296 154 Vm.
1364 105 1459 163 369

249 217 369 264 tare
391 206 595 282 coepit.
645 197 849 263 flurhen
875 203 1119 263 infimam
1147 205 1343 265 vallem
1366 207 1454 266 di·

250 290 498 363 videbat,
516 309 659 368 quae
687 294 827 371 pene
855 305 1035 349 totum
1055 308 1300 350 montem
1327 294 1451 352 cin·

250 379 433 453 gebat,
471 376 533 434 in
558 396 672 453 quo
696 376 931 454 pofitum
957 392 1072 435 erat
1092 391 1449 457 praeruptum
1488 375 1495 383 ’

249 461 501 539 undique
537 462 810 540 oppidum,
837 462 1281 522 Uxellodunum.
1338 464 1450 524 hoe

251 562 522 618 avertere,
541 544 650 607 loci
682 563 880 606 natura
901 550 1225 624 prohibebat
1249 570 1265 606 ε
1297 545 1366 608 fic
1389 571 1451 609 e·

249 633 372 694 nim
415 633 542 689 imis
590 632 862 692 radicibus
904 634 1115 691 montis
1148 632 1448 709 ferebatur,

251 733 318 775 ut
342 716 548 775 nullam
572 718 629 775 in
647 732 881 795 partem,
901 716 1151 797 depressis
1167 716 1336 792 foffis,
1350 720 1448 780 de-

252 803 422 862 rivari
446 801 641 882 posset.
690 818 804 861 erat
819 818 1000 861 autem
1025 802 1320 882 oppIdanis
1335 805 1446 865 dif-

245 887 410 949 ficilis
434 904 491 948 et
528 904 857 969 praeruptus
890 891 962 948 eo
993 888 1308 963 descensu„
1359 908 1444 967 ut,

247 976 669 1055 prohibentibus
698 974 923 1048 nostris„
970 975 1082 1035 fine
1119 975 1443 1039 vulneribus

247 1080 314 1117 ac
359 1059 603 1136 periculo
632 1061 780 1116 vitae
809 1080 990 1136 neque
1028 1061 1176 1118 adire
1212 1063 1443 1139 flumen,

247 1163 430 1222 neque
453 1142 627 1201 arduo
651 1141 706 1200 se
721 1143 960 1220 recipere
985 1142 1199 1222 possent
1219 1143 1443 1207 adscen-

245 1227 331 1289 su.
389 1248 500 1306 qua
549 1226 872 1287 difficultate
933 1247 1127 1287 eorum
1177 1225 1437 1305 cog'uita3

248 1311 468 1388 Caesar,
500 1311 791 1391 sagittariis
819 1312 1296 1394 ,funditoribusque
1331 1316 1442 1376 dis-

244 1399 460 1480 positis,
498 1402 791 1458 tormentis
815 1401 976 1459 etiam
999 1401 1319 1480 quibusdam
1351 1402 1439 1463 lo-

242 1488 325 1546 cis
349 1501 546 1545 contra
570 1482 861 1544 facillimos
891 1484 1173 1546 descensus
1198 1487 1444 1550 colloca·-

243 1574 341 1647 tis,
381 1591 529 1651 aqua
564 1571 807 1630 fluminis
846 1574 1170 1649 prohibebat
1206 1576 1438 1654 oppida-

242 1679 386 1731 nos;
427 1676 668 1739 quorum
698 1660 886 1717 omnis
912 1657 1093 1737 postea
1136 1660 1436 1725 multitudo

229 1760 507 1822 aquatum
544 1763 715 1802 unum
748 1747 809 1803 in
836 1744 1024 1803 locum
1064 1750 1436 1811 conveniebat

242 1827 342 1889 sub
366 1829 531 1910 ipfius
568 1829 758 1909 oppidi
797 1849 1039 1905 murum,
1067 1834 1163 1889 ubi
1196 1853 1433 1909 magnus

233 1912 374 1974 fons
397 1916 788 1994 prorumpebat
810 1917 879 1973 ab
894 1936 957 1974 ea
980 1933 1155 1994 parte,
1171 1938 1333 1995 quae,
1352 1919 1436 1978 fe·-

238 2019 304 2061 re
332 1999 532 2079 pedum
561 2020 683 2060 occ
713 2001 1038 2077 intervallo,
1065 2003 1302 2064 fluminis
1330 2007 1435 2065 cir.

233 2084 391 2146 cuitu
407 2088 659 2151 vacabat.
706 2087 818 2146 hoc
832 2086 991 2146 fonte
1014 2092 1291 2166 prohiberi
1308 2092 1434 2170 pos-

220 2170 290 2233 ·se
326 2172 644 2251 oppidanos
684 2191 854 2250 quum
906 2189 1167 2251 optarent
1210 2178 1432 2255 reliqui,

223 2255 432 2316 Caesar
454 2278 600 2319 unus
635 2257 850 2317 videret
869 2280 911 2331 3.
931 2280 1051 2317 non
1089 2257 1201 2317 fine
1223 2280 1434 2338 magno

219 2343 506 2420 periculo,
552 2343 584 2404 e
608 2345 835 2419 regione
880 2345 1001 2420 eju‘s
1045 2345 1238 2403 vineas
1271 2366 1433 2421 agere
1530 2362 1535 2367 '

220 2426 489 2492 adversus
537 2444 810 2507 montem,
869 2445 928 2487 et
967 2448 1194 2506 aggeres
1230 2428 1433 2492 struere

855 2522 990 2590 (25
